@inproceedings{sparks2015automating,
  title={Automating model search for large scale machine learning},
  author={Sparks, Evan R and Talwalkar, Ameet and Haas, Daniel and Franklin, Michael J and Jordan, Michael I and Kraska, Tim},
  booktitle={SOCC},
  year={2015}
}


@inproceedings{heer2015predictive,
  title={Predictive Interaction for Data Transformation.},
  author={Heer, Jeffrey and Hellerstein, Joseph M and Kandel, Sean},
  booktitle={CIDR},
  year={2015}
}

@inproceedings{kandel2011wrangler,
  title={Wrangler: Interactive visual specification of data transformation scripts},
  author={Kandel, Sean and Paepcke, Andreas and Hellerstein, Joseph and Heer, Jeffrey},
  booktitle={SIGCHI}, 
  year={2011},
}

@article{stolte2002polaris,
  title={Polaris: A system for query, analysis, and visualization of multidimensional relational databases},
  author={Stolte, Chris and Tang, Diane and Hanrahan, Pat},
  journal={TVCG},
  year={2002},
}

@inproceedings{park2014crowdfill,
  title={Crowdfill: Collecting structured data from the crowd},
  author={Park, Hyunjung and Widom, Jennifer},
  booktitle={SIGMOD},
  year={2014}
}

@inproceedings{eracer,
  author = {Mayfield, Chris and Neville, Jennifer and Prabhakar, Sunil},
  booktitle = {SIGMOD},
  title = {ERACER: a database approach for statistical inference and data cleaning.},
  year = 2010
}


@inproceedings{chen2014integrating,
  title={Integrating spreadsheet data via accurate and low-effort extraction},
  author={Chen, Zhe and Cafarella, Michael},
  booktitle={Proceedings of the 20th ACM SIGKDD international conference on Knowledge discovery and data mining},
  pages={1126--1135},
  year={2014},
  organization={ACM}
}

@inproceedings{volkovs2014continuous,
  title={Continuous data cleaning},
  author={Volkovs, Maksims and Chiang, Fei and Szlichta, Jaroslaw and Miller, Ren{\'e}e J},
  booktitle={Data Engineering (ICDE), 2014 IEEE 30th International Conference on},
  pages={244--255},
  year={2014},
  organization={IEEE}
}

@book{openrefine,
  title={Using OpenRefine},
  author={Verborgh, Ruben and De Wilde, Max},
  year={2013},
  publisher={Packt Publishing Ltd}
}

@misc{apachefalcon,
  title = {Apache Falcon},
  howpublished="\url{http://falcon.apache.org}"
}

@misc{trifacta,
  title = {Trifacta},
  howpublished="\url{http://www.trifacta.com}"
}

@misc(informatica,
  title = {Informatica},
  howpublished="\url{https://www.informatica.com}"
)

@misc(talend,
  title = {Talend},
  howpublished="\url{https://www.talend.com/solutions/etl-analytics}"
)

@article{kandel2012,
  title = {Enterprise Data Analysis and Visualization: An Interview Study},
  author = {Kandel, Sean and Paepcke, Andreas and Hellerstein, Joseph and Heer Jeffrey},
  journal = {VAST},
  year = {2012},
}

@article{nadeef,
  title={NADEEF: A generalized data cleaning system},
  author={Ebaid, Amr and Elmagarmid, Ahmed and Ilyas, Ihab F and Ouzzani, Mourad and Quiane-Ruiz, Jorge-Arnulfo and Tang, Nan and Yin, Si},
  journal={VLDB},
  year={2013}
}


@inproceedings{profiler,
title = {Profiler: Integrated Statistical Analysis and Visualization for Data Quality Assessment},
author = {Sean Kandel AND Ravi Parikh AND Andreas Paepcke AND Joseph Hellerstein AND Jeffrey Heer},
booktitle = {Advanced Visual Interfaces},
year = {2012},
url = {http://vis.stanford.edu/papers/profiler}
}


@inproceedings{crowdanalysis,
author = {Willett, Wesley and Heer, Jeffrey and Agrawala, Maneesh},
title = {Strategies for crowdsourcing social data analysis},
booktitle = {SIGCHI},
year = {2012},
pages = {227--236},
url = {http://doi.acm.org/10.1145/2207676.2207709},
doi = {10.1145/2207676.2207709},
}


@inproceedings{wrangler,
 author = {Kandel, Sean and Paepcke, Andreas and Hellerstein, Joseph and Heer, Jeffrey},
 title = {Wrangler: interactive visual specification of data transformation scripts},
 booktitle = {CHI},
 year = {2011},
 url = {http://doi.acm.org/10.1145/1978942.1979444},
 doi = {10.1145/1978942.1979444},
 pages = {3363--3372}
}


@inproceedings{stonebraker2013data,
  title={Data Curation at Scale: The Data Tamer System.},
  author={Stonebraker, Michael and Bruckner, Daniel and Ilyas, Ihab F and Beskales, George and Cherniack, Mitch and Zdonik, Stanley B and Pagan, Alexander and Xu, Shan},
  booktitle={CIDR},
  year={2013}
}

@inproceedings{gokhale2014corleone,
  title={Corleone: Hands-off crowdsourcing for entity matching},
  author={Gokhale, Chaitanya and Das, Sanjib and Doan, AnHai and Naughton, Jeffrey F and Rampalli, Narasimhan and Shavlik, Jude and Zhu, Xiaojin},
  booktitle={SIGMOD},
  year={2014}
}

@article(argonaut,
  title={Argonaut: Macrotask crowdsourcing for complex data processing},
  author = {Haas, Daniel and Ansel, Jason and Gu, Lydia and Marcus, Adam},
  year = {2015},
  booktitle = {VLDB (In Submission)},
  )
  

@inproceedings{venkataraman2014power,
  title={The power of choice in data-aware cluster scheduling},
  author={Venkataraman, Shivaram and Panda, Aurojit and Ananthanarayanan, Ganesh and Franklin, Michael J and Stoica, Ion},
  booktitle={Proceedings of the 11th USENIX conference on Operating Systems Design and Implementation},
  pages={301--316},
  year={2014},
  organization={USENIX Association}
}


@inproceedings{ramanprogressive,
  author    = {Volker Markl and
               Vijayshankar Raman and
               David E. Simmen and
               Guy M. Lohman and
               Hamid Pirahesh},
  title     = {Robust Query Processing through Progressive Optimization},
  booktitle = {SIGMOD},
  year      = {2004},
}

@misc{saqpfull,
	author 		= {{Full version}},
	howpublished = "\url{http://goo.gl/SPNP1R}",
}

@misc{amplab,
	author 		= {{AMPLab}},
	howpublished = "\url{http://amplab.cs.berkeley.edu/}",
}

@inproceedings{DBLP:conf/sigmod/HellersteinHW97,
  author    = {Joseph M. Hellerstein and
               Peter J. Haas and
               Helen J. Wang},
  title     = {Online Aggregation},
  booktitle = {SIGMOD Conference},
  year      = {1997},
  pages     = {171-182},
  ee        = {http://doi.acm.org/10.1145/253260.253291},
  bibsource = {DBLP, http://dblp.uni-trier.de}
}



@article{DBLP:journals/pvldb/PansareBJC11,
  author    = {Niketan Pansare and
               Vinayak R. Borkar and
               Chris Jermaine and
               Tyson Condie},
  title     = {Online Aggregation for Large MapReduce Jobs},
  journal   = {PVLDB},
  volume    = {4},
  number    = {11},
  year      = {2011},
  pages     = {1135-1145},
  ee        = {http://www.vldb.org/pvldb/vol4/p1135-pansare.pdf},
  bibsource = {DBLP, http://dblp.uni-trier.de}
}


@inproceedings{DBLP:conf/sigmod/CondieCAHGTES10,
  author    = {Tyson Condie and
               Neil Conway and
               Peter Alvaro and
               Joseph M. Hellerstein and
               John Gerth and
               Justin Talbot and
               Khaled Elmeleegy and
               Russell Sears},
  title     = {Online aggregation and continuous query support in MapReduce},
  booktitle = {SIGMOD Conference},
  year      = {2010},
  pages     = {1115-1118},
  ee        = {http://doi.acm.org/10.1145/1807167.1807295},
  bibsource = {DBLP, http://dblp.uni-trier.de}
}


@article{DBLP:journals/pvldb/WuJOT09,
  author    = {Sai Wu and
               Shouxu Jiang and
               Beng Chin Ooi and
               Kian-Lee Tan},
  title     = {Distributed Online Aggregation},
  journal   = {PVLDB},
  volume    = {2},
  number    = {1},
  year      = {2009},
  pages     = {443-454},
  ee        = {http://www.vldb.org/pvldb/2/vldb09-127.pdf},
  bibsource = {DBLP, http://dblp.uni-trier.de}
}

@inproceedings{DBLP:conf/eurosys/AgarwalMPMMS13,
  author    = {Sameer Agarwal and
               Barzan Mozafari and
               Aurojit Panda and
               Henry Milner and
               Samuel Madden and
               Ion Stoica},
  title     = {{BlinkDB:} queries with bounded errors and bounded response
               times on very large data},
  booktitle = {EuroSys},
  year      = {2013},
  pages     = {29-42},
  ee        = {http://doi.acm.org/10.1145/2465351.2465355},
  bibsource = {DBLP, http://dblp.uni-trier.de}
}

@inproceedings{DBLP:conf/sigmod/AcharyaGPR99,
  author    = {Swarup Acharya and
               Phillip B. Gibbons and
               Viswanath Poosala and
               Sridhar Ramaswamy},
  title     = {The Aqua Approximate Query Answering System},
  booktitle = {SIGMOD Conference},
  year      = {1999},
  pages     = {574-576},
  ee        = {http://doi.acm.org/10.1145/304182.304581},
  bibsource = {DBLP, http://dblp.uni-trier.de}
}


@article{DBLP:journals/tods/ChaudhuriDN07,
  author    = {Surajit Chaudhuri and
               Gautam Das and
               Vivek R. Narasayya},
  title     = {Optimized stratified sampling for approximate query processing},
  journal   = {ACM Trans. Database Syst.},
  volume    = {32},
  number    = {2},
  year      = {2007},
  pages     = {9},
  ee        = {http://doi.acm.org/10.1145/1242524.1242526},
  bibsource = {DBLP, http://dblp.uni-trier.de}
}

@inproceedings{DBLP:conf/sigmod/BabcockCD03,
  author    = {Brian Babcock and
               Surajit Chaudhuri and
               Gautam Das},
  title     = {Dynamic Sample Selection for Approximate Query Processing},
  booktitle = {SIGMOD Conference},
  year      = {2003},
  pages     = {539-550},
  ee        = {http://doi.acm.org/10.1145/872757.872822},
  bibsource = {DBLP, http://dblp.uni-trier.de}
}

@inproceedings{DBLP:conf/sigmod/AcharyaGP00,
  author    = {Swarup Acharya and
               Phillip B. Gibbons and
               Viswanath Poosala},
  title     = {Congressional Samples for Approximate Answering of Group-By
               Queries},
  booktitle = {SIGMOD Conference},
  year      = {2000},
  pages     = {487-498},
  ee        = {http://doi.acm.org/10.1145/342009.335450},
  bibsource = {DBLP, http://dblp.uni-trier.de}
}

@book{lohr2010sampling,
  title={Sampling: design and analysis},
  author={Lohr, Sharon L},
  year={2010},
  publisher={Cengage Learning}
}


@book{dasu2003exploratory,
  title={Exploratory data mining and data cleaning},
  author={Dasu, Tamraparni and Johnson, Theodore},
  year={2003},
  publisher={Wiley}
}

@article{hellerstein2008quantitative,
  title={Quantitative data cleaning for large databases},
  author={Hellerstein, Joseph M},
  journal={United Nations Economic Commission for Europe (UNECE)},
  year={2008}
}

@article{fan2012foundations,
  title={Foundations of Data Quality Management},
  author={Fan, Wenfei and Geerts, Floris},
  journal={Synthesis Lectures on Data Management},
  year={2012},
  publisher={Morgan \& Claypool Publishers}
}

@inproceedings{DBLP:conf/sigmod/DallachiesaEEEIOT13,
  author    = {Michele Dallachiesa and
               Amr Ebaid and
               Ahmed Eldawy and
               Ahmed K. Elmagarmid and
               Ihab F. Ilyas and
               Mourad Ouzzani and
               Nan Tang},
  title     = {NADEEF: a commodity data cleaning system},
  booktitle = {SIGMOD Conference},
  year      = {2013},
  pages     = {541-552},
  ee        = {http://doi.acm.org/10.1145/2463676.2465327},
  bibsource = {DBLP, http://dblp.uni-trier.de}
}


@inproceedings{DBLP:conf/sigmod/WangLF12,
  author    = {Jiannan Wang and
               Guoliang Li and
               Jianhua Feng},
  title     = {Can we beat the prefix filtering?: an adaptive framework
               for similarity join and search},
  booktitle = {SIGMOD Conference},
  year      = {2012},
  pages     = {85-96},
  ee        = {http://doi.acm.org/10.1145/2213836.2213847},
  bibsource = {DBLP, http://dblp.uni-trier.de}
}

@inproceedings{DBLP:conf/kdd/BilenkoM03,
  author    = {Mikhail Bilenko and
               Raymond J. Mooney},
  title     = {Adaptive duplicate detection using learnable string similarity
               measures},
  booktitle = {KDD},
  year      = {2003},
  pages     = {39-48},
  ee        = {http://doi.acm.org/10.1145/956750.956759},
  bibsource = {DBLP, http://dblp.uni-trier.de}
}

@inproceedings{DBLP:conf/sigmod/JefferyFH08,
  author    = {Shawn R. Jeffery and
               Michael J. Franklin and
               Alon Y. Halevy},
  title     = {Pay-as-you-go user feedback for dataspace systems},
  booktitle = {SIGMOD Conference},
  year      = {2008},
  pages     = {847-860},
  ee        = {http://doi.acm.org/10.1145/1376616.1376701},
  bibsource = {DBLP, http://dblp.uni-trier.de}
}

@article{DBLP:journals/pvldb/YakoutENOI11,
  author    = {Mohamed Yakout and
               Ahmed K. Elmagarmid and
               Jennifer Neville and
               Mourad Ouzzani and
               Ihab F. Ilyas},
  title     = {Guided data repair},
  journal   = {PVLDB},
  year      = {2011},
  ee        = {http://portal.acm.org/citation.cfm?id=1952378{\&}CFID=12591584{\&}CFTOKEN=15173685},
  bibsource = {DBLP, http://dblp.uni-trier.de}
}

@article{DBLP:journals/pvldb/FanLMTY10,
  author    = {Wenfei Fan and
               Jianzhong Li and
               Shuai Ma and
               Nan Tang and
               Wenyuan Yu},
  title     = {Towards Certain Fixes with Editing Rules and Master Data},
  journal   = {PVLDB},
  volume    = {3},
  number    = {1},
  year      = {2010},
  pages     = {173-184},
  ee        = {http://www.comp.nus.edu.sg/$\sim$vldb2010/proceedings/files/papers/R15.pdf},
  bibsource = {DBLP, http://dblp.uni-trier.de}
}




@article{DBLP:journals/pvldb/KopckeTR10,
  author    = {Hanna K{\"o}pcke and
               Andreas Thor and
               Erhard Rahm},
  title     = {Evaluation of entity resolution approaches on real-world
               match problems},
  journal   = {PVLDB},
  volume    = {3},
  number    = {1},
  year      = {2010},
  pages     = {484-493},
  ee        = {http://www.comp.nus.edu.sg/$\sim$vldb2010/proceedings/files/papers/E04.pdf},
  bibsource = {DBLP, http://dblp.uni-trier.de}
}

@inproceedings{DBLP:conf/vldb/GarofalakisG01,
  author    = {Minos N. Garofalakis and
               Phillip B. Gibbons},
  title     = {Approximate Query Processing: Taming the TeraBytes},
  booktitle = {VLDB},
  year      = {2001},
  ee        = {http://www.vldb.org/conf/2001/tut4.pdf},
  bibsource = {DBLP, http://dblp.uni-trier.de}
}


@article{DBLP:journals/tods/ChaudhuriDN07,
  author    = {Surajit Chaudhuri and
               Gautam Das and
               Vivek R. Narasayya},
  title     = {Optimized stratified sampling for approximate query processing},
  journal   = {ACM Trans. Database Syst.},
  volume    = {32},
  number    = {2},
  year      = {2007},
  pages     = {9},
  ee        = {http://doi.acm.org/10.1145/1242524.1242526},
  bibsource = {DBLP, http://dblp.uni-trier.de}
}


@inproceedings{DBLP:conf/cidr/SidirourgosKB11,
  author    = {Lefteris Sidirourgos and
               Martin L. Kersten and
               Peter A. Boncz},
  title     = {SciBORQ: Scientific data management with Bounds On Runtime
               and Quality},
  booktitle = {CIDR},
  year      = {2011},
  pages     = {296-301},
  ee        = {http://www.cidrdb.org/cidr2011/Papers/CIDR11_Paper39.pdf},
  bibsource = {DBLP, http://dblp.uni-trier.de}
}


@inproceedings{DBLP:conf/icde/JinGJA06,
  author    = {Ruoming Jin and
               Leonid Glimcher and
               Chris Jermaine and
               Gagan Agrawal},
  title     = {New Sampling-Based Estimators for OLAP Queries},
  booktitle = {ICDE},
  year      = {2006},
  pages     = {18},
  ee        = {http://doi.ieeecomputersociety.org/10.1109/ICDE.2006.106},
  bibsource = {DBLP, http://dblp.uni-trier.de}
}

@article{DBLP:journals/ftdb/CormodeGHJ12,
  author    = {Graham Cormode and
               Minos N. Garofalakis and
               Peter J. Haas and
               Chris Jermaine},
  title     = {Synopses for Massive Data: Samples, Histograms, Wavelets,
               Sketches},
  journal   = {Foundations and Trends in Databases},
  volume    = {4},
  number    = {1-3},
  year      = {2012},
  pages     = {1-294},
  ee        = {http://dx.doi.org/10.1561/1900000004},
  bibsource = {DBLP, http://dblp.uni-trier.de}
}


@article{DBLP:journals/pvldb/DongS13,
  author    = {Xin Luna Dong and
               Divesh Srivastava},
  title     = {Big Data Integration},
  journal   = {PVLDB},
  volume    = {6},
  number    = {11},
  year      = {2013},
  pages     = {1188-1189},
  ee        = {http://www.vldb.org/pvldb/vol6/p1188-srivastava.pdf},
  bibsource = {DBLP, http://dblp.uni-trier.de}
}


@article{DBLP:journals/pvldb/MelnikGLRSTV10,
  author    = {Sergey Melnik and
               Andrey Gubarev and
               Jing Jing Long and
               Geoffrey Romer and
               Shiva Shivakumar and
               Matt Tolton and
               Theo Vassilakis},
  title     = {Dremel: Interactive Analysis of Web-Scale Datasets},
  journal   = {PVLDB},
  volume    = {3},
  number    = {1},
  year      = {2010},
  pages     = {330-339},
  ee        = {http://www.comp.nus.edu.sg/$\sim$vldb2010/proceedings/files/papers/R29.pdf},
  bibsource = {DBLP, http://dblp.uni-trier.de}
}


@inproceedings{DBLP:conf/sigmod/XinRZFSS13,
  author    = {Reynold S. Xin and
               Josh Rosen and
               Matei Zaharia and
               Michael J. Franklin and
               Scott Shenker and
               Ion Stoica},
  title     = {Shark: SQL and rich analytics at scale},
  booktitle = {SIGMOD Conference},
  year      = {2013},
  pages     = {13-24},
  ee        = {http://doi.acm.org/10.1145/2463676.2465288},
  bibsource = {DBLP, http://dblp.uni-trier.de}
}

@article{Gartner,
    author      = {Swartz, N.},
    url         = "http://www.gartner.com/newsroom/id/501733",
    title       = {Gartner Warns Firms of 'Dirty Data'},
    journal     = {Information Management Journal},
    volume      = {41},
    number      = {3},
    year        = {2007},
}


@inproceedings{DBLP:conf/pervasive/JefferyAFHW06,
  author    = {Shawn R. Jeffery and
               Gustavo Alonso and
               Michael J. Franklin and
               Wei Hong and
               Jennifer Widom},
  title     = {Declarative Support for Sensor Data Cleaning},
  booktitle = {Pervasive},
  year      = {2006},
  pages     = {83-100},
  ee        = {http://dx.doi.org/10.1007/11748625_6},
  bibsource = {DBLP, http://dblp.uni-trier.de}
}

@inproceedings{DBLP:conf/sigmod/GokhaleDDNRSZ14,
  author    = {Chaitanya Gokhale and
               Sanjib Das and
               AnHai Doan and
               Jeffrey F. Naughton and
               Narasimhan Rampalli and
               Jude W. Shavlik and
               Xiaojin Zhu},
  title     = {Corleone: hands-off crowdsourcing for entity matching},
  booktitle = {International Conference on Management of Data, {SIGMOD} 2014, Snowbird,
               UT, USA, June 22-27, 2014},
  pages     = {601--612},
  year      = {2014},
  url       = {http://doi.acm.org/10.1145/2588555.2588576},
  doi       = {10.1145/2588555.2588576},
  timestamp = {Sun, 22 Jun 2014 11:31:11 +0200},
  biburl    = {http://dblp.uni-trier.de/rec/bib/conf/sigmod/GokhaleDDNRSZ14},
  bibsource = {dblp computer science bibliography, http://dblp.org}
}

@inproceedings{DBLP:conf/uist/GuoKHH11,
  author    = {Philip J. Guo and
               Sean Kandel and
               Joseph M. Hellerstein and
               Jeffrey Heer},
  title     = {Proactive wrangling: mixed-initiative end-user programming of data
               transformation scripts},
  booktitle = {Proceedings of the 24th Annual {ACM} Symposium on User Interface Software
               and Technology, Santa Barbara, CA, USA, October 16-19, 2011},
  pages     = {65--74},
  year      = {2011},
  url       = {http://doi.acm.org/10.1145/2047196.2047205},
  doi       = {10.1145/2047196.2047205},
  timestamp = {Thu, 20 Oct 2011 20:41:03 +0200},
  biburl    = {http://dblp.uni-trier.de/rec/bib/conf/uist/GuoKHH11},
  bibsource = {dblp computer science bibliography, http://dblp.org}
}

@inproceedings{volkovs2014continuous,
  title={Continuous data cleaning},
  author={Volkovs, Maksims and Chiang, Fei and Szlichta, Jaroslaw and Miller, Ren{\'e}e J},
  booktitle={Data Engineering (ICDE), 2014 IEEE 30th International Conference on},
  pages={244--255},
  year={2014},
  organization={IEEE}
}

@article{altowim2014progressive,
  title={Progressive Approach to Relational Entity Resolution},
  author={Altowim, Yasser and Kalashnikov, Dmitri V and Mehrotra, Sharad},
  journal={Proceedings of the VLDB Endowment},
  volume={7},
  number={11},
  year={2014}
}

@inproceedings{DBLP:conf/vldb/GalhardasFSSS01,
  author    = {Helena Galhardas and
               Daniela Florescu and
               Dennis Shasha and
               Eric Simon and
               Cristian{-}Augustin Saita},
  title     = {Declarative Data Cleaning: Language, Model, and Algorithms},
  booktitle = {{VLDB} 2001, Proceedings of 27th International Conference on Very
               Large Data Bases, September 11-14, 2001, Roma, Italy},
  pages     = {371--380},
  year      = {2001},
  url       = {http://www.vldb.org/conf/2001/P371.pdf},
  biburl    = {http://dblp.uni-trier.de/rec/bib/conf/vldb/GalhardasFSSS01},
  bibsource = {dblp computer science bibliography, http://dblp.org}
}

@article{DBLP:journals/pvldb/MozafariSFJM14,
  author    = {Barzan Mozafari and
               Purnamrita Sarkar and
               Michael J. Franklin and
               Michael I. Jordan and
               Samuel Madden},
  title     = {Scaling Up Crowd-Sourcing to Very Large Datasets: {A} Case for Active
               Learning},
  journal   = {{PVLDB}},
  volume    = {8},
  number    = {2},
  pages     = {125--136},
  year      = {2014},
  url       = {http://www.vldb.org/pvldb/vol8/p125-Mozafari.pdf},
  timestamp = {Sun, 12 Oct 2014 11:44:29 +0200},
  biburl    = {http://dblp.uni-trier.de/rec/bib/journals/pvldb/MozafariSFJM14},
  bibsource = {dblp computer science bibliography, http://dblp.org}
}

@article{thompson1933likelihood,
  title={On the likelihood that one unknown probability exceeds another in view of the evidence of two samples},
  author={Thompson, William R},
  journal={Biometrika},
  pages={285--294},
  year={1933},
  publisher={JSTOR}
}

@article{wisteria,
 author = {Haas, Daniel and Krishnan, Sanjay and Wang, Jiannan and Franklin, Michael J. and Wu, Eugene},
 title = {Wisteria: Nurturing Scalable Data Cleaning Infrastructure},
 journal = {Proc. VLDB Endow.},
 issue_date = {August 2015},
 volume = {8},
 number = {12},
 month = aug,
 year = {2015},
 pages = {2004--2007},
 numpages = {4},
 publisher = {VLDB Endowment},
}

%%%%%%%%%%%%%%%%%%%%% Outlier Surveys%%%%%%%%%%%%%%%%%%%%%%%%%%%%

@book{rousseeuw2005robust,
  title={Robust regression and outlier detection},
  author={Rousseeuw, Peter J and Leroy, Annick M},
  volume={589},
  year={2005},
  publisher={John Wiley \& Sons}
}
@article{bamnett1994outliers,
  title={Outliers in statistical data},
  author={Bamnett, V and Lewis, T},
  year={1994},
  publisher={JSTOR}
}


@book{DBLP:books/sp/Aggarwal2013,
  author    = {Charu C. Aggarwal},
  title     = {Outlier Analysis},
  publisher = {Springer},
  year      = {2013},
}

@article{chandola2009anomaly,
  title={Anomaly detection: A survey},
  author={Chandola, Varun and Banerjee, Arindam and Kumar, Vipin},
  journal={ACM computing surveys (CSUR)},
  volume={41},
  number={3},
  pages={15},
  year={2009},
  publisher={ACM}
}

@article{hodge2004survey,
  title={A survey of outlier detection methodologies},
  author={Hodge, Victoria J and Austin, Jim},
  journal={Artificial Intelligence Review},
  volume={22},
  number={2},
  pages={85--126},
  year={2004},
  publisher={Springer}
}




%definition
@book{hawkins1980identification,
  title={Identification of outliers},
  author={Hawkins, D},
  volume={11},
  publisher={Chapman and Hall},
  year={1980}
}




%%%%%

@article{DBLP:journals/ftdb/IlyasC15,
  author    = {Ihab F. Ilyas and
               Xu Chu},
  title     = {Trends in Cleaning Relational Data: Consistency and Deduplication},
  journal   = {Foundations and Trends in Databases},
  volume    = {5},
  number    = {4},
  pages     = {281--393},
  year      = {2015}
}

@book{KB:86,
  title={The \TeX book},
  author={D. E. Knuth and D. Bibby},
  year={1986},
  publisher={Addison-Wesley: Reading, MA}
}

@book{Lam:94,
  title={\LaTeX: A Document Preparation System},
  author={L. Lamport},
  year={1994},
  edition={second},
  publisher={Addison-Wesley}
}

@book{Bri:12,
  title={The Elements of Typographic Style},
  author={R. Bringhurst},
  year={2012},
  edition={fourth},
  publisher={Hartley \& Marks: Vancouver, BC}
}

%%%%%%%%%%%%%%%%%%%%%%%%%%Data Quality Motivation%%%%%%%%%%%%%%%%%%%%%%%%%%

@article{Redman98,
    author      = {Thomas Redman},
    title       = {The Impact of Poor Data Quality on the Typical Enterprise},
    journal     = {Commun. ACM},
    volume      = {41},
    number      = {2},
    year        = {1998},
}




@Misc{Eckerson02,
    author      = {Wayne W. Eckerson},
    title       = {Data Quality and the Bottom Line: Achieving Business Success through a Commitment to High Quality Data},
    howpublished= {The Data Warehousing Institute},
    year        = {2002}
}
@inproceedings{kerr2007data,
  title={Data quality information and decision making: a healthcare case study},
  author={Kerr, K. and Norris, T. and Stockdale, R.},
  booktitle={Proceedings of the 18th Australasian Conference on Information Systems Doctoral Consortium},
  pages={5--7},
  year={2007},
}

@article{white2000enterprise,
  title={Enterprise information portals},
  author={White, M.},
  journal={Electronic Library, The},
  volume={18},
  number={5},
  pages={354--362},
  year={2000},
  publisher={MCB UP Ltd}
}

@book{zikopoulos2011understanding,
  title={Understanding Big Data: Analytics for Enterprise Class Hadoop and Streaming Data},
  author={Deroos, D. and Eaton, C. and Lapis, G. and Zikopoulos, P. and Deutsch, T.},
  year={2011},
  publisher={McGraw-Hill}
}
@misc{BT,
    author      = {Boris Otto and Kristin Weber},
    title       = {From Health Checks to the Seven Sisters: The Data Quality Journey at {BT}},
    note        = {{BT} {TR}-{BE HSG/CC CDQ/8}},
    month       = Sep,
    year        = 2009
}
@article{Gartner,
    author      = {Swartz, N.},
    url         = "http://www.gartner.com/newsroom/id/501733",
    title       = {Gartner Warns Firms of ``Dirty Data''},
    journal     = {Information Management Journal},
    volume      = {41},
    number      = {3},
    year        = {2007},
}

@article{InsightSquared,
    author      = {Samuel Clemens},
    url         = "http://www.insightsquared.com/2012/01/7-facts-about-data-quality-infographic/",
    title       = {7 Facts About Data Quality},
    journal = {InsightSquared},
    year        = {2012},
}

@article{NYTimes,
    author      = {Steve Lohr},
    url         = "http://www.nytimes.com/2014/08/18/technology/for-big-data-scientists-hurdle-to-insights-is-janitor-work.html?_r=0",
    title       = {For Big-Data Scientists, Janitor Work Is Key Hurdle to Insights},
    year        = {2014},
}


@article{hellerstein2008quantitative,
  title={Quantitative data cleaning for large databases},
  author={Hellerstein, Joseph M},
  journal={United Nations Economic Commission for Europe (UNECE)},
  year={2008}
}

%%%%%%%%%%%%%%%%%%%%%%%%%%Dedup%%%%%%%%%%%%%%%%%%%%%%%%%%

%%%%%similarity%%%
@article{winkler1990string,
  title={String Comparator Metrics and Enhanced Decision Rules in the Fellegi-Sunter Model of Record Linkage.},
  author={Winkler, William E},
  year={1990},
  journal={Proceedings of the Section on Survey Research}
}

@article{ukkonen1992approximate,
  title={Approximate string-matching with< i> q</i>-grams and maximal matches},
  author={Ukkonen, Esko},
  journal={Theoretical computer science},
  volume={92},
  number={1},
  pages={191--211},
  year={1992},
}

@inproceedings{levenshtein1966binary,
  title={Binary codes capable of correcting deletions, insertions and reversals},
  author={Levenshtein, Vladimir I},
  booktitle={Soviet Physics Doklady},
  volume={10},
  pages={707},
  year={1966}
}

@article{waterman1976some,
  title={Some biological sequence metrics},
  author={Waterman, Michael S and Smith, Temple F and Beyer, William A},
  journal={Advances in Mathematics},
  volume={20},
  number={3},
  pages={367--387},
  year={1976},
}


@inproceedings{cohen1998integration,
  title={Integration of heterogeneous databases without common domains using queries based on textual similarity},
  author={Cohen, William W},
  booktitle={ACM SIGMOD Record},
  volume={27},
  number={2},
  pages={201--212},
  year={1998},
}

@misc{russell1918index,
   title={Index.},
    author={Russell, R.C.},
    url={http://www.google.com/patents/US1261167},
    year={1918},
    month=apr # "~2",
    publisher={Google Patents},
    note={US Patent 1,261,167}
  }

@book{steuart1994daitch,
  title={The Daitch-Mokotoff Soundex Reference Guide},
  author={Steuart, B.W. and Precision Indexing Staff},
  isbn={9781877677564},
  url={https://books.google.ca/books?id=Y8aPNwAACAAJ},
  year={1994},
  publisher={Heritage Quest}
}


 @book{taft1970name,
    title={Name Search Techniques},
     author={Taft, R.L.},
     series={Special report (New York State Identification and Intelligence System)},
     year={1970},
     publisher={Bureau of Systems Development, New York State Identification and Intelligence System}
   }


@inproceedings{kriegel2010outlier,
  title={Outlier detection techniques},
  author={Kriegel, Hans-Peter and Kr{\"o}ger, Peer and Zimek, Arthur},
  booktitle={Tutorial at SIGKDD},
  year={2010}
}

@inproceedings{chawla2006outlier,
  title={Outlier detection: Principles, techniques and applications},
  author={Chawla, Sanjay and Sun, Pei},
  booktitle={PAKDD},
  year={2006}
}



%%%%%surveys%%%
@article{DBLP:journals/pvldb/GetoorM12,
 title={Entity resolution: theory, practice \& open challenges},
  author={Getoor, Lise and Machanavajjhala, Ashwin},
  journal={PVLDB},
  volume={5},
  number={12},
  pages={2018--2019},
  year={2012},
}
@book{DBLP:series/synthesis/2010Naumann,
  author    = {Felix Naumann and
               Melanie Herschel},
  title     = {An Introduction to Duplicate Detection},
  booktitle = {An Introduction to Duplicate Detection},
  series    = {Synthesis Lectures on Data Management},
  year      = {2010},
}


@inproceedings{DBLP:conf/sigmod/KoudasSS06,
 title={Record linkage: similarity measures and algorithms},
  author={Koudas, Nick and Sarawagi, Sunita and Srivastava, Divesh},
  booktitle={SIGMOD},
  pages={802--803},
  year={2006},
}

@article{DBLP:journals/pvldb/DongN09,
 title={Data fusion: resolving data conflicts for integration},
  author={Dong, Xin Luna and Naumann, Felix},
  journal={PVLDB},
  volume={2},
  number={2},
  pages={1654--1655},
  year={2009},
}

@book{herzog2007data,
  title={Data Quality and Record Linkage Techniques},
  author={Herzog, Thomas N and Scheuren, Fritz J and Winkler, William E},
  year={2007},
  publisher={Springer Science \& Business Media}
}


%%%%%supervised%%%

@inproceedings{Winkler99thestate,
    author = {William E. Winkler},
    title = {The State of Record Linkage and Current Research Problems},
    booktitle = {Statistical Research Division, U.S. Census Bureau},
    year = {1999}
}

@inproceedings{DBLP:conf/vldb/ChaudhuriCGK07,
  author    = {Surajit Chaudhuri and
               Bee{-}Chung Chen and
               Venkatesh Ganti and
               Raghav Kaushik},
  title     = {Example-driven design of efficient record matching queries},
  booktitle = {Proceedings of the 33rd International Conference on Very Large Data
               Bases},
  year      = {2007},
  pages     = {327--338},
}

@inproceedings{bilenko2003adaptive,
  title={Adaptive duplicate detection using learnable string similarity measures},
  author={Bilenko, Mikhail and Mooney, Raymond J},
  booktitle={Proceedings of the 9th ACM SIGKDD International Conference on Knowledge Discovery and Data Mining},
  pages={39--48},
  year={2003},
  organization={ACM}
}


%%%%%active learning%%%
@inproceedings{DBLP:conf/kdd/SarawagiB02,
  author    = {Sunita Sarawagi and
               Anuradha Bhamidipaty},
  title     = {Interactive deduplication using active learning},
  booktitle = {Proceedings of the 8th {ACM} {SIGKDD} International Conference
               on Knowledge Discovery and Data Mining},
  year      = {2002},
  pages     = {269--278},
}

@inproceedings{DBLP:dblp_conf/sigmod/ArasuGK10,
     title={On active learning of record matching packages},
  author={Arasu, Arvind and G{\"o}tz, Michaela and Kaushik, Raghav},
  booktitle={SIGMOD},
  pages={783--794},
  year={2010},
}
@article{tejada2001learning,
  title={Learning object identification rules for information integration},
  author={Tejada, Sheila and Knoblock, Craig A and Minton, Steven},
  journal={Information Systems},
  volume={26},
  number={8},
  pages={607--633},
  year={2001},
}

@article{JaroDistance,
   author              = {Matthew A. Jaro},
   title               = { UNIMATCH: A Record Linkage System: User's Manual.},
   journal           = {U.S. Bureau of the Census},
   year                = {1976},
}


@article{tong2002support,
  title={Support vector machine active learning with applications to text classification},
  author={Tong, Simon and Koller, Daphne},
  journal={The Journal of Machine Learning Research},
  volume={2},
  pages={45--66},
  year={2002},
}

@inproceedings{schohn2000less,
  title={Less is more: Active learning with support vector machines},
  author={Schohn, Greg and Cohn, David},
  booktitle={International Conference on Machine Learning},
  pages={839--846},
  year={2000},
}
@article{settles2010active,
  title={Active learning literature survey},
  author={Settles, Burr},
  journal={University of Wisconsin, Madison},
  volume={52},
  pages={55--66},
  year={2010}
}



%%%%%unsupervised%%%

@inproceedings{monge1996field,
  title={The Field Matching Problem: Algorithms and Applications.},
  author={Monge, Alvaro E and Elkan, Charles},
  booktitle={Knowledge Discovery and Data Mining},
  pages={267--270},
  year={1996}
}


@inproceedings{chaudhuri2005robust,
 author    = {Surajit Chaudhuri and
               Venkatesh Ganti and
               Rajeev Motwani},
  title     = {Robust Identification of Fuzzy Duplicates},
  booktitle = {ICDE},
  pages     = {865--876},
  year      = {2005},
}





@article{hernandez1998real,
  title={Real-world data is dirty: Data cleansing and the merge/purge problem},
  author={Hern{\'a}ndez, Mauricio A and Stolfo, Salvatore J},
  journal={Data Mining and Knowledge Discovery},
  volume={2},
  number={1},
  pages={9--37},
  year={1998},
}

@article{DBLP:journals/expert/DoanLLH03,
  author    = {AnHai Doan and
               Ying Lu and
               Yoonkyong Lee and
               Jiawei Han},
  title     = {Profile-Based Object Matching for Information Integration},
  journal   = {{IEEE} Intelligent Systems},
  year      = {2003},
  volume    = {18},
  number    = {5},
  pages     = {54--59},
}

@article{DBLP:journals/pvldb/WeisNJLS08,
  title={Industry-scale duplicate detection},
  author={Weis, Melanie and Naumann, Felix and Jehle, Ulrich and Lufter, Jens and Schuster, Holger},
  journal={PVLDB},
  volume={1},
  number={2},
  pages={1253--1264},
  year={2008},
}



@article{verykios2000automating,
  title={Automating the approximate record-matching process},
  author={Verykios, Vassilios S and Elmagarmid, Ahmed K and Houstis, Elias N},
  journal={Information Sciences},
  volume={126},
  number={1},
  pages={83--98},
  year={2000},
}


%%%%%efficiency%%%
@inproceedings{bilenko2006adaptive,
  title={Adaptive blocking: Learning to scale up record linkage},
  author={Bilenko, Mikhail and Kamath, Beena and Mooney, Raymond J},
  booktitle={6th International Conference on Data Mining},
  pages={87--96},
  year={2006},
}

@inproceedings{ananthakrishna2002eliminating,
  title={Eliminating fuzzy duplicates in data warehouses},
  author={Ananthakrishna, Rohit and Chaudhuri, Surajit and Ganti, Venkatesh},
  booktitle={PVLDB},
  pages={586--597},
  year={2002},
}

@article{Hernandez:1995:MPL:568271.223807,
   title={The merge/purge problem for large databases},
  author={Hern{\'a}ndez, Mauricio A and Stolfo, Salvatore J},
  journal={ACM SIGMOD Record},
  volume={24},
  number={2},
  pages={127--138},
  year={1995},
} 

@inproceedings{DBLP:conf/cikm/SarmaJMB12,
  author    = {Anish Das Sarma and
               Ankur Jain and
               Ashwin Machanavajjhala and
               Philip Bohannon},
  title     = {An automatic blocking mechanism for large-scale de-duplication tasks},
  booktitle = {21st {ACM} International Conference on Information and Knowledge Management},
  pages     = {1055--1064},
  year      = {2012},
}
@inproceedings{michelson2006learning,
  title={Learning blocking schemes for record linkage},
  author={Michelson, Matthew and Knoblock, Craig A},
  booktitle={Proceedings of the National Conference on Artificial Intelligence},
  volume={21},
  number={1},
  pages={440},
  year={2006},
}

@inproceedings{DBLP:conf/kdd/McCallumNU00,
  author    = {Andrew McCallum and
               Kamal Nigam and
               Lyle H. Ungar},
  title     = {Efficient clustering of high-dimensional data sets with application
               to reference matching},
  booktitle = {Proceedings of the 6th {ACM} {SIGKDD} international conference on
               Knowledge discovery and data mining},
  pages     = {169--178},
  year      = {2000},
}


%%%%%clustering%%%


@inproceedings{elsner2009bounding,
  title={Bounding and comparing methods for correlation clustering beyond ILP},
  author={Elsner, Micha and Schudy, Warren},
  booktitle={Proceedings of the Workshop on Integer Linear Programming for Natural Langauge Processing},
  pages={19--27},
  year={2009},
}

@article{ailon2008aggregating,
  title={Aggregating inconsistent information: ranking and clustering},
  author={Ailon, Nir and Charikar, Moses and Newman, Alantha},
  journal={Journal of the ACM (JACM)},
  volume={55},
  number={5},
  pages={23},
  year={2008},
}

@inproceedings{ng2002improving,
  title={Improving machine learning approaches to coreference resolution},
  author={Ng, Vincent and Cardie, Claire},
  booktitle={Proceedings of the 40th Annual Meeting on Association for Computational Linguistics},
  pages={104--111},
  year={2002},
}

@article{soon2001machine,
  title={A machine learning approach to coreference resolution of noun phrases},
  author={Soon, Wee Meng and Ng, Hwee Tou and Lim, Daniel Chung Yong},
  journal={Computational Linguistics},
  volume={27},
  number={4},
  pages={521--544},
  year={2001},
}


@inproceedings{elsner2008you,
  title={You Talking to Me? A Corpus and Algorithm for Conversation Disentanglement.},
  author={Elsner, Micha and Charniak, Eugene},
  booktitle={Association for Computational Linguistics (ACL)},
  pages={834--842},
  year={2008},
}

%%%%%fusing%%%

@article{DBLP:journals/csur/BleiholderN08,
  author    = {Jens Bleiholder and
               Felix Naumann},
  title     = {Data fusion},
  journal   = {{ACM} Computing Survey},
  volume    = {41},
  number    = {1},
  year      = {2008},
}


%%%%%incremental ER%%%

@article{DBLP:journals/pvldb/GruenheidDS14,
   title={Incremental Record Linkage},
  author={Gruenheid, Anja and Dong, Xin Luna and Srivastava, Divesh},
  journal={PVLDB},
  volume={7},
  number={9},
  pages={697--708},
  year={2014}
}


@article{whang2010entity,
  title={Entity resolution with evolving rules},
  author={Whang, Steven Euijong and Garcia-Molina, Hector},
  journal={PVLDB},
  volume={3},
  number={1-2},
  pages={1326--1337},
  year={2010},
}



%%%%%collective ER%%%

@inproceedings{Arasu:2009:LDC:1546683.1547340,
 author = {Arasu, Arvind and R{\'e}, Christopher and Suciu, Dan},
 title = {Large-Scale Deduplication with Constraints Using Dedupalog},
 booktitle = {ICDE},
 year = {2009},
 pages = {952--963},
} 

@article{bhattacharya2007collective,
  title={Collective entity resolution in relational data},
  author={Bhattacharya, Indrajit and Getoor, Lise},
  journal={ACM Transactions on Knowledge Discovery from Data (TKDD)},
  volume={1},
  number={1},
  pages={5},
  year={2007},
}

@inproceedings{singla2006entity,
  title={Entity Resolution with Markov Logic},
  author={Singla, Parag and Domingos, Pedro},
  booktitle={2013 IEEE 13th International Conference on Data Mining},
  pages={572--582},
  year={2006},
}

@inproceedings{DBLP:conf/nips/McCallumW04,
  author    = {Andrew McCallum and
               Ben Wellner},
  title     = {Conditional Models of Identity Uncertainty with Application to Noun
               Coreference},
  booktitle = {Advances in Neural Information Processing Systems 17 Neural Information
               Processing Systems},
  pages     = {905--912},
  year      = {2004},
}


%%%%%%%%%%%%%%%%%%%%%%%%%%Dependency Discovery%%%%%%%%%%%%%%%%%%%%%%%%%%
@article{DBLP:journals/cj/HuhtalaKPT99,
  author    = {Yk{\"a} Huhtala and
               Juha K{\"a}rkk{\"a}inen and
               Pasi Porkka and
               Hannu Toivonen},
  title     = {{TANE}: An Efficient Algorithm for Discovering Functional
               and Approximate Dependencies},
  journal   = {Computer Journal},
  volume    = {42},
  number    = {2},
  year      = {1999},
  pages     = {100-111},
}

@inproceedings{DBLP:conf/dawak/WyssGR01,
  author    = {Catharine M. Wyss and
               Chris Giannella and
               Edward L. Robertson},
  title     = {{FastFDs}: A Heuristic-Driven, Depth-First Algorithm for Mining
               Functional Dependencies from Relation Instances},
  booktitle = {International Conference on Big Data Analytics and Knowledge Discovery},
  year      = {2001},
  pages     = {101-110},
}


@article{DBLP:journals/pvldb/ChiangM08,
  title={Discovering data quality rules},
  author={Chiang, Fei and Miller, Ren{\'e}e J},
  journal={PVLDB},
  volume={1},
  number={1},
  pages={1166--1177},
  year={2008},
}

@article{DBLP:journals/tkde/FanGLX11,
  author    = {Wenfei Fan and
               Floris Geerts and
               Jianzhong Li and
               Ming Xiong},
  title     = {Discovering Conditional Functional Dependencies},
  journal   = {IEEE Transactions on Knowledge and Data Engineering},
  volume    = {23},
  number    = {5},
  year      = {2011},
  pages     = {683-698},
}
@article{DBLP:journals/pvldb/GolabKKSY08,
  title={On generating near-optimal tableaux for conditional functional dependencies},
  author={Golab, Lukasz and Karloff, Howard and Korn, Flip and Srivastava, Divesh and Yu, Bei},
  journal={PVLDB},
  volume={1},
  number={1},
  pages={376--390},
  year={2008},
  publisher={VLDB Endowment}
}

@inproceedings{DBLP:conf/sigmod/IlyasMHBA04,
  title={CORDS: automatic discovery of correlations and soft functional dependencies},
  author={Ilyas, Ihab F and Markl, Volker and Haas, Peter and Brown, Paul and Aboulnaga, Ashraf},
  booktitle={SIGMOD},
  pages={647--658},
  year={2004},
  organization={ACM}
}
@article{ChuIP13VLDB,
   title={Discovering denial constraints},
  author={Chu, Xu and Ilyas, Ihab F and Papotti, Paolo},
  journal={PVLDB},
  volume={6},
  number={13},
  pages={1498--1509},
  year={2013},
  publisher={VLDB Endowment}
}

@inproceedings{DBLP:conf/icde/ChuIPY14,
  author    = {Xu Chu and
               Ihab F. Ilyas and
               Paolo Papotti and
               Yin Ye},
  title     = {RuleMiner: Data quality rules discovery},
  booktitle = {ICDE},
  year      = {2014},
  pages     = {1222--1225},
}


@article{DBLP:journals/tcs/MaFB14,
  author    = {Shuai Ma and
               Wenfei Fan and
               Loreto Bravo},
  title     = {Extending inclusion dependencies with conditions},
  journal   = {Theoretical Computer Science},
  year      = {2014},
  volume    = {515},
  pages     = {64--95},
  
}

@inproceedings{DBLP:conf/icde/FanGTY13,
  author    = {Wenfei Fan and
               Floris Geerts and
               Nan Tang and
               Wenyuan Yu},
  title     = {Inferring data currency and consistency for conflict resolution},
  booktitle = {ICDE},
  year      = {2013},
  pages     = {470--481},
}

@inproceedings{DBLP:conf/cikm/SongC09,
  author    = {Shaoxu Song and
               Lei Chen},
  title     = {Discovering matching dependencies},
  booktitle = {Proceedings of the 18th {ACM} Conference on Information and Knowledge
               Management},
  year      = {2009},
  pages     = {1421--1424},
}

@inproceedings{diallo2012discovering,
  title={Discovering Editing Rules For Data Cleaning},
  author={Diallo, Thierno and Petit, Jean-Marc and Servigne, Sylvie},
  booktitle={Proceedings of AQB conference},
  pages={40},
  year={2012}
}


@incollection{fan2014detecting,
  title={Detecting Errors in Numeric Attributes},
  author={Fan, Grace and Fan, Wenfei and Geerts, Floris},
  booktitle={Web-Age Information Management},
  pages={125--137},
  year={2014},
  publisher={Springer}
}

@article{de2009unary,
  title={Unary and n-ary inclusion dependency discovery in relational databases},
  author={De Marchi, Fabien and Lopes, St{\'e}phane and Petit, Jean-Marc},
  journal={Journal of Intelligent Information Systems},
  volume={32},
  number={1},
  pages={53--73},
  year={2009}
}

@article{papenbrock2015divide,
  title={Divide \& conquer-based inclusion dependency discovery},
  author={Papenbrock, Thorsten and Kruse, Sebastian and Quian{\'e}-Ruiz, Jorge-Arnulfo and Naumann, Felix},
  journal={PVLDB},
  volume={8},
  number={7},
  pages={774--785},
  year={2015},
}
%%%%%%%%%%%%%%%%%%%%%%%%%%Data Cleaning based on ICs%%%%%%%%%%%%%%%%%%%%%%%%%%

@inproceedings{sherlockrules,
  author    = {
               Matteo Interlandi and
               Nan Tang},
  title     = {Proof Positive and Negative in Data Cleaning},
  booktitle = {ICDE},
  year      = {2015},
}


@inproceedings{DBLP:conf/sigmod/WangT14,
 title={Towards dependable data repairing with fixing rules},
  author={Wang, Jiannan and Tang, Nan},
  booktitle={SIGMOD},
  pages={457--468},
  year={2014},
  organization={ACM}
}


@inproceedings{DBLP:conf/icde/KoudasSSV09,
  author    = {Nick Koudas and
               Avishek Saha and
               Divesh Srivastava and
               Suresh Venkatasubramanian},
  title     = {Metric Functional Dependencies},
  booktitle = {ICDE},
  year      = {2009},
  pages     = {1275--1278},
}


@article{DBLP:journals/pvldb/FanJLM09,
  title={Reasoning about record matching rules},
  author={Fan, Wenfei and Jia, Xibei and Li, Jianzhong and Ma, Shuai},
  journal={PVLDB},
  volume={2},
  number={1},
  pages={407--418},
  year={2009},
  publisher={VLDB Endowment}
}



@inproceedings{DBLP:conf/icde/BohannonFGJK07,
 author    = {Philip Bohannon and
               Wenfei Fan and
               Floris Geerts and
               Xibei Jia and
               Anastasios Kementsietsidis},
  title     = {Conditional Functional Dependencies for Data Cleaning},
  booktitle = {ICDE},
  pages     = {746--755},
  year      = {2007},
}
@article{DBLP:journals/tods/FanGJK08,
 title={Conditional functional dependencies for capturing data inconsistencies},
  author={Fan, Wenfei and Geerts, Floris and Jia, Xibei and Kementsietsidis, Anastasios},
  journal={ACM Transactions on Database Systems (TODS)},
  volume={33},
  number={2},
  pages={6},
  year={2008},
  publisher={ACM}
}

@INPROCEEDINGS{BohannonFF+05,
    title={A cost-based model and effective heuristic for repairing constraints by value modification},
  author={Bohannon, Philip and Fan, Wenfei and Flaster, Michael and Rastogi, Rajeev},
  booktitle={SIGMOD},
  pages={143--154},
  year={2005},
  organization={ACM}
}


@inproceedings{DBLP:conf/vldb/CongFGJM07,
 title={Improving data quality: Consistency and accuracy},
  author={Cong, Gao and Fan, Wenfei and Geerts, Floris and Jia, Xibei and Ma, Shuai},
  booktitle={PVLDB},
  pages={315--326},
  year={2007},
  organization={VLDB Endowment}
}

@inproceedings{DBLP:conf/icde/LopatenkoB07,
  author    = {Andrei Lopatenko and
               Loreto Bravo},
  title     = {Efficient Approximation Algorithms for Repairing Inconsistent Databases},
  booktitle = {ICDE},
  pages     = {216--225},
  year      = {2007},
}


@inproceedings{DBLP:conf/icde/xu13,
  author    = {Xu Chu and
               Ihab F. Ilyas and
               Paolo Papotti},
  title     = {Holistic Data Cleaning: Putting Violations into Context},
  booktitle = {ICDE},
  pages     = {458--469},
  year      = {2013},
}

@inproceedings{DBLP:conf/sigmod/FanLMTY11,
  author = {Fan, Wenfei and Li, Jianzhong and Ma, Shuai and Tang, Nan and Yu, Wenyuan},
 title = {Interaction Between Record Matching and Data Repairing},
 booktitle = {SIGMOD},
 year = {2011},
 pages = {469--480},
 numpages = {12},
 publisher = {ACM},
}

@inproceedings{Kolahi09,
 author    = {Solmaz Kolahi and
               Laks V. S. Lakshmanan},
  title     = {On approximating optimum repairs for functional dependency violations},
  booktitle = {ICDT},
  pages     = {53--62},
  year      = {2009},
} 
@inproceedings{DBLP:conf/icdt/BertossiKL11,
  author    = {Leopoldo E. Bertossi and
               Solmaz Kolahi and
               Laks V. S. Lakshmanan},
  title     = {Data cleaning and query answering with matching dependencies and matching
               functions},
  booktitle = {Database Theory - {ICDT} 2011, 14th International Conference},
  pages     = {268--279},
  year      = {2011},
}

@article{FanLMTY12,
     title={Towards certain fixes with editing rules and master data},
  author={Fan, Wenfei and Li, Jianzhong and Ma, Shuai and Tang, Nan and Yu, Wenyuan},
  journal={PVLDB},
  volume={3},
  number={1-2},
  pages={173--184},
  year={2010},
}

@inproceedings{Fanpods08,
   author    = {Wenfei Fan},
  title     = {Dependencies revisited for improving data quality},
  booktitle = {Proceedings of the Twenty-Seventh {ACM} {SIGMOD-SIGACT-SIGART} Symposium
               on Principles of Database Systems},
  pages     = {159--170},
  year      = {2008},
}

@article{YakoutENOI11,
   title={Guided data repair},
  author={Yakout, Mohamed and Elmagarmid, Ahmed K and Neville, Jennifer and Ouzzani, Mourad and Ilyas, Ihab F},
  journal={PVLDB},
  volume={4},
  number={5},
  pages={279--289},
  year={2011},
}




@inproceedings{ChuKATARA,
  author    = {Xu Chu and
               John Morcos and
               Ihab F. Ilyas and
               Mourad Ouzzani and
               Paolo Papotti and
               Nan Tang and
               Yin Ye},
  title     = {{KATARA:} {A} Data Cleaning System Powered by Knowledge Bases and
               Crowdsourcing},
  booktitle = {SIGMOD},
  pages     = {1247--1261},
  year      = {2015},
}



@inproceedings{DBLP:conf/sigmod/ChalamallaIOP14,
    title={Descriptive and prescriptive data cleaning},
  author={Chalamalla, Anup and Ilyas, Ihab F and Ouzzani, Mourad and Papotti, Paolo},
  booktitle={SIGMOD},
  pages={445--456},
  year={2014},
}


@inproceedings{DBLP:conf/sigmod/MeliouGNS11,
 title={Tracing data errors with view-conditioned causality},
  author={Meliou, Alexandra and Gatterbauer, Wolfgang and Nath, Suman and Suciu, Dan},
  booktitle={SIGMOD},
  pages={505--516},
  year={2011},
}


%%%%%%%%%%%%%%%%%%%%%%%%%%Data and ICs Cleaning Together%%%%%%%%%%%%%%%%%%%%%%%%%%

@inproceedings{DBLP:conf/icde/ChiangM11,
 author = {Chiang, Fei and Miller, Renee J.},
 title = {A Unified Model for Data and Constraint Repair},
 booktitle = {ICDE},
 year = {2011},
 pages = {446--457},
 numpages = {12},
}


@inproceedings{DBLP:journals/corr/abs-1207-5226,
  author    = {George Beskales and
               Ihab F. Ilyas and
               Lukasz Golab and
               Artur Galiullin},
  title     = {On the relative trust between inconsistent data and inaccurate constraints},
  booktitle = {ICDE},
  year      = {2013},
  pages     = {541--552},
}



@inproceedings{DBLP:conf/icde/VolkovsCSM14,
  author    = {Maksims Volkovs and
               Fei Chiang and
               Jaroslaw Szlichta and
               Ren{\'{e}}e J. Miller},
  title     = {Continuous data cleaning},
  booktitle = {ICDE},
  year      = {2014},
  pages     = {244--255},
}
%%%%%%%%%%%%%%%%%%%%%%%%%%Sampling Probabilistic Data Cleaning%%%%%%%%%%%%%%%%%%%%%%%%%%

@article{BeskalesSI+09,
     title={Modeling and querying possible repairs in duplicate detection},
  author={Beskales, George and Soliman, Mohamed A and Ilyas, Ihab F and Ben-David, Shai},
  journal={PVLDB},
  pages={598--609},
  year={2009},
}


@article{DBLP:journals/pvldb/BeskalesIG10,
   title={Sampling the repairs of functional dependency violations under hard constraints},
  author={Beskales, George and Ilyas, Ihab F and Golab, Lukasz},
  journal={PVLDB},
  volume={3},
  number={1-2},
  pages={197--207},
  year={2010},
}
@article{DBLP:journals/vldb/BeskalesIGG14,
   title={Sampling from repairs of conditional functional dependency violations},
  author={Beskales, George and Ilyas, Ihab F and Golab, Lukasz and Galiullin, Artur},
  journal={The VLDB Journal},
  volume={23},
  number={1},
  pages={103--128},
  year={2014},
}


%%%%%%%%%%%%%%%%%%%%%%%%%%Data Quality Survey%%%%%%%%%%%%%%%%%%%%%%%%%%
@article{DBLP:journals/tkde/ElmagarmidIV07,
  author    = {Ahmed K. Elmagarmid and
               Panagiotis G. Ipeirotis and
               Vassilios S. Verykios},
  title     = {Duplicate Record Detection: A Survey},
  journal   = {IEEE Transactions on Knowledge and Data Engineering},
  volume    = {19},
  number    = {1},
  year      = {2007},
  pages     = {1-16},
}

@ARTICLE{Rahm00datacleaning,
    author = {Erhard Rahm and Hong Hai Do},
    title = {Data Cleaning: Problems and Current Approaches},
    journal = {IEEE Data Engineering Bulletin},
    year = {2000},
    volume = {23},
    pages = {2000}
}


@book{DBLP:series/synthesis/2012Fan,
  author    = {Wenfei Fan and
               Floris Geerts},
  title     = {Foundations of Data Quality Management},
  booktitle = {Foundations of Data Quality Management},
  series    = {Synthesis Lectures on Data Management},
  year      = {2012},
}

@book{DBLP:series/synthesis/2013Ganti,
  author    = {Venkatesh Ganti and
               Anish Das Sarma},
  title     = {Data Cleaning: A Practical Perspective},
  booktitle = {Data Cleaning: A Practical Perspective},
  series    = {Synthesis Lectures on Data Management},
  year      = {2013},
  pages     = {1-85},
}

@book{DBLP:series/synthesis/2011Bertossi,
  author    = {Leopoldo E. Bertossi},
  title     = {Database Repairing and Consistent Query Answering},
  booktitle = {Database Repairing and Consistent Query Answering},
  publisher = {Morgan {\&} Claypool Publishers},
  year      = {2011},
}

@article{greco2012incomplete,
  title={Incomplete data and data dependencies in relational databases},
  author={Greco, Sergio and Molinaro, Cristian and Spezzano, Francesca},
  journal={Synthesis Lectures on Data Management},
  year={2012},
}

@book{grahne1991problem,
   author    = {G{\"{o}}sta Grahne},
  title     = {The Problem of Incomplete Information in Relational Databases},
  series    = {Lecture Notes in Computer Science},
  volume    = {554},
  year      = {1991},
}

@book{Dasu:2003:EDM:861869,
 author = {Dasu, Tamraparni and Johnson, Theodore},
 title = {Exploratory Data Mining and Data Cleaning},
 publisher={John Wiley \& Sons, Inc.},
 year = {2003},
} 


%%%%%%%%%%%%%%%%%%%%%%%%%%Data Cleaning Misc%%%%%%%%%%%%%%%%%%%%%%%%%%
@inproceedings{DBLP:conf/sigmod/YakoutBE13,
  title={Don't be SCAREd: use SCalable Automatic REpairing with maximal likelihood and bounded changes},
  author={Yakout, Mohamed and Berti-{\'E}quille, Laure and Elmagarmid, Ahmed K},
  booktitle={SIGMOD},
  pages={553--564},
  year={2013},
}

@inproceedings{DBLP:conf/sigmod/Galhardas00,
   title={AJAX: an extensible data cleaning tool},
  author={Galhardas, Helena and Florescu, Daniela and Shasha, Dennis and Simon, Eric},
  booktitle={ACM Sigmod Record},
  volume={29},
  number={2},
  pages={590},
  year={2000},
}

@article{DBLP:journals/pvldb/GeertsMPS13,
  title={The llunatic data-cleaning framework},
  author={Geerts, Floris and Mecca, Giansalvatore and Papotti, Paolo and Santoro, Donatello},
  journal={PVLDB},
  volume={6},
  number={9},
  pages={625--636},
  year={2013},
}


@inproceedings{DBLP:conf/vldb/RamanH01,
  author    = {Vijayshankar Raman and
               Joseph M. Hellerstein},
  title     = {Potter's Wheel: An Interactive Data Cleaning System},
  booktitle = {VLDB},
  pages     = {381--390},
  year      = {2001},
}


@inproceedings{2011-wrangler,
  title = {Wrangler: Interactive Visual Specification of Data Transformation Scripts},
  author = {Sean Kandel AND Andreas Paepcke AND Joseph Hellerstein AND Jeffrey Heer},
  booktitle = {ACM Human Factors in Computing Systems (CHI)},
  year = {2011},
  url = {http://vis.stanford.edu/papers/wrangler}
}
@inproceedings{2011-proactive-wrangling,
  title = {Proactive Wrangling: Mixed-Initiative End-User Programming of Data Transformation Scripts},
  author = {Philip J. Guo AND Sean Kandel AND Joseph Hellerstein AND Jeffrey Heer},
  booktitle = {ACM User Interface Software \& Technology (UIST)},
  year = {2011},
  url = {http://vis.stanford.edu/papers/proactive-wrangling}
}
@inproceedings{2015-predictive-interaction,
 title = {Predictive Interaction for Data Transformation},
 author = {Jeffrey Heer AND Joseph Hellerstein AND Sean Kandel},
 booktitle = {Conference on Innovative Data Systems Research (CIDR)},
 year = {2015},
 url = {http://idl.cs.washington.edu/papers/predictive-interaction},
}


@inproceedings{DBLP:conf/icde/GeertsMPS14,
  author    = {Floris Geerts and
               Giansalvatore Mecca and
               Paolo Papotti and
               Donatello Santoro},
  title     = {Mapping and cleaning},
  booktitle = {ICDE},
  pages     = {232--243},
  year      = {2014},
}
@article{DBLP:journals/pvldb/GeertsMPS14,
  author    = {Floris Geerts and
               Giansalvatore Mecca and
               Paolo Papotti and
               Donatello Santoro},
  title     = {That's All Folks! {LLUNATIC} Goes Open Source},
  journal   = {PVLDB},
  volume    = {7},
  number    = {13},
  pages     = {1565--1568},
  year      = {2014},
}



@inproceedings{DBLP:conf/vldb/GalhardasFSSS01,
  author    = {Helena Galhardas and
               Daniela Florescu and
               Dennis Shasha and
               Eric Simon and
               Cristian{-}Augustin Saita},
  title     = {Declarative Data Cleaning: Language, Model, and Algorithms},
  booktitle = {{VLDB} 2001, Proceedings of 27th International Conference on Very
               Large Data Bases},
  year      = {2001},
  pages     = {371--380},
}


@inproceedings{DBLP:conf/sigmod/WangT14,
  title={Towards dependable data repairing with fixing rules},
  author={Wang, Jiannan and Tang, Nan},
  booktitle={SIGMOD},
  pages={457--468},
  year={2014},
  organization={ACM}
}


@inproceedings{DBLP:conf/icde/GeertsMPS14,
  author    = {Floris Geerts and
               Giansalvatore Mecca and
               Paolo Papotti and
               Donatello Santoro},
  title     = {Mapping and cleaning},
  booktitle = {ICDE},
  year      = {2014},
  pages     = {232--243},
}

@article{Fan:2014:CRD:2667565.2631923,
 author = {Fan, Wenfei and Geerts, Floris and Tang, Nan and Yu, Wenyuan},
 title = {Conflict Resolution with Data Currency and Consistency},
 journal = {Journal of Data and Information Quality},
 volume = {5},
 number = {1-2},
 year = {2014},
 pages = {6:1--6:37},

} 


%%%%%%%%%%%%%%%%%%%%%%%%%%Consistent Query Answering%%%%%%%%%%%%%%%%%%%%%%%%%%
@inproceedings{DBLP:conf/pods/ArenasBC99,
 title={Consistent query answers in inconsistent databases},
  author={Arenas, Marcelo and Bertossi, Leopoldo and Chomicki, Jan},
  booktitle={Proceedings of the 18th ACM SIGMOD-SIGACT-SIGART symposium on Principles of database systems},
  pages={68--79},
  year={1999},
}

@inproceedings{DBLP:conf/icdt/LopatenkoB07,
  author    = {Andrei Lopatenko and
               Leopoldo E. Bertossi},
  title     = {Complexity of Consistent Query Answering in Databases Under Cardinality-Based
               and Incremental Repair Semantics},
  booktitle = {11th International Conference on Database Theory},
  year      = {2007},
  pages     = {179--193},
}


%%%%%%%%%%%%%%%%%%%%%%%%%%Provenance%%%%%%%%%%%%%%%%%%%%%%%%%%
@article{DBLP:journals/pvldb/0002M13,
  title={Scorpion: Explaining away outliers in aggregate queries},
  author={Wu, Eugene and Madden, Samuel},
  journal={PVLDB},
  volume={6},
  number={8},
  pages={553--564},
  year={2013},
}

@article{DBLP:journals/pvldb/WuMS12,
  title={A demonstration of DBWipes: clean as you query},
  author={Wu, Eugene and Madden, Samuel and Stonebraker, Michael},
  journal={PVLDB},
  volume={5},
  number={12},
  pages={1894--1897},
  year={2012},
}


%%%%%%%%%%%%%%%%%%%%%%%%%%MISC%%%%%%%%%%%%%%%%%%%%%%%%%%
@book{AbiteboulHV95,
  author      = {Serge Abiteboul and Richard Hull and Victor Vianu},
  title       = {Foundations of Databases},
  publisher   = {Addison-Wesley},
  year        = {1995},
}

@article{Agrawal93,
    title={Mining association rules between sets of items in large databases},
  author={Agrawal, Rakesh and Imieli{\'n}ski, Tomasz and Swami, Arun},
  booktitle={ACM SIGMOD Record},
  volume={22},
  number={2},
  pages={207--216},
  year={1993},
}

@article{DBLP:journals/debu/RahmD00,
  author    = {Erhard Rahm and
               Hong Hai Do},
  title     = {Data Cleaning: Problems and Current Approaches},
  journal   = {{IEEE} Data Eng. Bull.},
  year      = {2000},
  volume    = {23},
  number    = {4},
  pages     = {3--13},
}
@inproceedings{DBLP:conf/sigmod/DasuJMS02,
 title={Mining database structure; or, how to build a data quality browser},
  author={Dasu, Tamraparni and Johnson, Theodore and Muthukrishnan, Shanmugauelayut and Shkapenyuk, Vladislav},
  booktitle={SIGMOD},
  pages={240--251},
  year={2002},
}

@inproceedings{DBLP:conf/cidr/StonebrakerBIBCZPX13,
  author    = {Michael Stonebraker and
               Daniel Bruckner and
               Ihab F. Ilyas and
               George Beskales and
               Mitch Cherniack and
               Stanley B. Zdonik and
               Alexander Pagan and
               Shan Xu},
  title     = {Data Curation at Scale: The Data Tamer System},
  booktitle = {CIDR},
  year      = {2013},
}


@article{DBLP:journals/pvldb/WangKFF12,
  title={Crowder: Crowdsourcing entity resolution},
  author={Wang, Jiannan and Kraska, Tim and Franklin, Michael J and Feng, Jianhua},
  journal={PVLDB},
  volume={5},
  number={11},
  pages={1483--1494},
  year={2012},
}

@inproceedings{DBLP:conf/sigmod/GokhaleDDNRSZ14,
  title={Corleone: Hands-off crowdsourcing for entity matching},
  author={Gokhale, Chaitanya and Das, Sanjib and Doan, AnHai and Naughton, Jeffrey F and Rampalli, Narasimhan and Shavlik, Jude and Zhu, Xiaojin},
  booktitle={SIGMOD},
  pages={601--612},
  year={2014},
}



@inproceedings{DBLP:conf/dawak/GalhardasLS11,
  author    = {Helena Galhardas and
               Ant{\'{o}}nia Lopes and
               Emanuel Santos},
  title     = {Support for User Involvement in Data Cleaning},
  booktitle = {Data Warehousing and Knowledge Discovery - 13th International Conference,
               DaWaK 2011},
  pages     = {136--151},
  year      = {2011},
}

@inproceedings{wang2013leveraging,
  title={Leveraging transitive relations for crowdsourced joins},
  author={Wang, Jiannan and Li, Guoliang and Kraska, Tim and Franklin, Michael J and Feng, Jianhua},
  booktitle={SIGMOD},
  pages={229--240},
  year={2013},
}

@article{vesdapunt2014crowdsourcing,
  title={Crowdsourcing algorithms for entity resolution},
  author={Vesdapunt, Norases and Bellare, Kedar and Dalvi, Nilesh},
  journal={PVLDB},
  volume={7},
  number={12},
  year={2014}
}

@inproceedings{haas2005clio,
  title={Clio grows up: from research prototype to industrial tool},
  author={Haas, Laura M and Hern{\'a}ndez, Mauricio A and Ho, Howard and Popa, Lucian and Roth, Mary},
  booktitle={SIGMOD},
  pages={805--810},
  year={2005},
}

@inproceedings{afrati2009repair,
  title={Repair checking in inconsistent databases: algorithms and complexity},
  author={Afrati, Foto N and Kolaitis, Phokion G},
  booktitle={Proceedings of the 12th International Conference on Database Theory},
  pages={31--41},
  year={2009},
}

@article{chomicki2005minimal,
  title={Minimal-change integrity maintenance using tuple deletions},
  author={Chomicki, Jan and Marcinkowski, Jerzy},
  journal={Information and Computation},
  volume={197},
  number={1},
  pages={90--121},
  year={2005},
}

%%%%%%%%%%%%%%%%%%%%%%%%%%Big Data Cleaning%%%%%%%%%%%%%%%%%%%%%%%%%%

@inproceedings{wang2014sample,
  title={A sample-and-clean framework for fast and accurate query processing on dirty data},
  author={Wang, Jiannan and Krishnan, Sanjay and Franklin, Michael J and Goldberg, Ken and Kraska, Tim and Milo, Tova},
  booktitle={SIGMOD},
  pages={469--480},
  year={2014},
}


@inproceedings{fan2010detecting,
  author    = {Wenfei Fan and
               Floris Geerts and
               Shuai Ma and
               Heiko M{\"{u}}ller},
  title     = {Detecting inconsistencies in distributed data},
  booktitle = {ICDE},
  pages     = {64--75},
  year      = {2010},
}


@article{fan2014incremental,
  author    = {Wenfei Fan and
               Jianzhong Li and
               Nan Tang and
               Wenyuan Yu},
  title     = {Incremental Detection of Inconsistencies in Distributed Data},
  journal   = {IEEE Transactions on Knowledge and Data Engineering},
  volume    = {26},
  number    = {6},
  pages     = {1367--1383},
  year      = {2014},
}

@inproceedings{BigDansing,
 author = {Khayyat, Zuhair and Ilyas, Ihab F. and Jindal, Alekh and Madden, Samuel and Ouzzani, Mourad and Papotti, Paolo and Quian{\'e}-Ruiz, Jorge-Arnulfo and Tang, Nan and Yin, Si},
 title = {BigDansing: A System for Big Data Cleansing},
 booktitle = {SIGMOD},
 year = {2015},
 pages = {1215--1230},
 numpages = {16},
} 


@inproceedings{kolb2012load,
  title={Load balancing for mapreduce-based entity resolution},
  author={Kolb, Lars and Thor, Andreas and Rahm, Erhard},
  booktitle = {ICDE},
  pages     = {618--629},
  year={2012},
}

@article{kolb2012dedoop,
  title={Dedoop: efficient deduplication with Hadoop},
  author={Kolb, Lars and Thor, Andreas and Rahm, Erhard},
  journal={PVLDB},
  volume={5},
  number={12},
  pages={1878--1881},
  year={2012},
}

@article{dean2008mapreduce,
  title={MapReduce: simplified data processing on large clusters},
  author={Dean, Jeffrey and Ghemawat, Sanjay},
  journal={Communications of the ACM},
  volume={51},
  number={1},
  pages={107--113},
  year={2008},
}

@inproceedings{zaharia2010spark,
  title={Spark: cluster computing with working sets},
  author={Zaharia, Matei and Chowdhury, Mosharaf and Franklin, Michael J and Shenker, Scott and Stoica, Ion},
  booktitle={Proceedings of the 2nd USENIX Conference on Hot Topics in Cloud Computing},
  volume={10},
  pages={10},
  year={2010}
}

@article{sarma2014clusterjoin,
  title={ClusterJoin: A Similarity Joins Framework using Map-Reduce},
  author={Sarma, Akash Das and He, Yeye and Chaudhuri, Surajit},
  journal={PVLDB},
  volume={7},
  number={12},
  pages={1059--1070},
  year={2014}
}

@inproceedings{vernica2010efficient,
  title={Efficient parallel set-similarity joins using MapReduce},
  author={Vernica, Rares and Carey, Michael J and Li, Chen},
  booktitle={SIGMOD},
  pages={495--506},
  year={2010},
  organization={ACM}
}


%%%%Self promotion

@article{DBLP:journals/debu/KrishnanWFGKM015,
  author    = {Sanjay Krishnan and
               Jiannan Wang and
               Michael J. Franklin and
               Ken Goldberg and
               Tim Kraska and
               Tova Milo and
               Eugene Wu},
  title     = {SampleClean: Fast and Reliable Analytics on Dirty Data},
  journal   = {{IEEE} Data Eng. Bull.},
  year      = {2015}
}

@inproceedings{activecleanarxiv,
  author    = {Sanjay Krishnan and Jiannan Wang and Eugene Wu and Michael J. Franklin and Ken Goldberg},
  title     = {ActiveClean: Interactive Data Cleaning While Learning Convex Loss Models},
  booktitle = {Arxiv: \url{http://arxiv.org/pdf/1601.03797.pdf}},
  year      = {2015},
  howpublished = {\url{http://arxiv.org/pdf/1601.03797.pdf}},
}

@inproceedings{DBLP:conf/recsys/KrishnanPFG14,
  author    = {Sanjay Krishnan and
               Jay Patel and
               Michael J. Franklin and
               Ken Goldberg},
  title     = {A methodology for learning, analyzing, and mitigating social influence
               bias in recommender systems},
  booktitle = {RecSys},
  year      = {2014},
  crossref  = {DBLP:conf/recsys/2014},
  url       = {http://doi.acm.org/10.1145/2645710.2645740},
  doi       = {10.1145/2645710.2645740},
  timestamp = {Thu, 02 Oct 2014 08:41:01 +0200},
  biburl    = {http://dblp.uni-trier.de/rec/bib/conf/recsys/KrishnanPFG14},
  bibsource = {dblp computer science bibliography, http://dblp.org}
}

@inproceedings{krishnan2016priv,
  author    = {Sanjay Krishnan and
               Jiannan Wang and
               Ken Goldberg and
	       Michael Franklin and
	       Tim Kraska},
  title     = {PrivateClean: Data Cleaning and Differential Privacy},
  booktitle = {SIGMOD Conference},
  year      = {2016}
}

@inproceedings{chu2016tut,
  author    = {Xu Chu and Ihab Ilyas and Sanjay Krishnan and Jiannan Wang},
  title     = {Data Cleaning: Overview and Emerging Challenges},
  booktitle = {SIGMOD Tutorial},
  year      = {2016}
}

@article{krishnan2015svc,
  author    = {Sanjay Krishnan and
               Jiannan Wang and
               Michael J. Franklin and
               Ken Goldberg and
               Tim Kraska},
  title     = {Stale View Cleaning: Getting Fresh Answers from Stale Materialized
               Views},
  journal   = {{PVLDB}},
  volume    = {8},
  number    = {12},
  year      = {2015},
  url       = {http://www.vldb.org/pvldb/vol8/p1370-krishnan.pdf},
  timestamp = {Fri, 14 Aug 2015 15:24:11 +0200},
  biburl    = {http://dblp.uni-trier.de/rec/bib/journals/pvldb/KrishnanWFGK15},
  bibsource = {dblp computer science bibliography, http://dblp.org}
}

@article{DBLP:journals/pvldb/HaasW0F15,
  author    = {Daniel Haas and
               Jiannan Wang and
               Eugene Wu and
               Michael J. Franklin},
  title     = {CLAMShell: Speeding up Crowds for Low-latency Data Labeling},
  journal   = {{PVLDB}},
  volume    = {9},
  number    = {4},
  pages     = {372--383},
  year      = {2015},
  url       = {http://www.vldb.org/pvldb/vol9/p372-haas.pdf},
  timestamp = {Wed, 23 Dec 2015 18:17:16 +0100},
  biburl    = {http://dblp.uni-trier.de/rec/bib/journals/pvldb/HaasW0F15},
  bibsource = {dblp computer science bibliography, http://dblp.org}
}

@article{DBLP:journals/pvldb/HaasAGM15,
  author    = {Daniel Haas and
               Jason Ansel and
               Lydia Gu and
               Adam Marcus},
  title     = {Argonaut: Macrotask Crowdsourcing for Complex Data Processing},
  journal   = {{PVLDB}},
  volume    = {8},
  number    = {12},
  pages     = {1642--1653},
  year      = {2015},
  url       = {http://www.vldb.org/pvldb/vol8/p1642-haas.pdf},
  timestamp = {Fri, 14 Aug 2015 15:24:11 +0200},
  biburl    = {http://dblp.uni-trier.de/rec/bib/journals/pvldb/HaasAGM15},
  bibsource = {dblp computer science bibliography, http://dblp.org}
}